@article{howe2006rise,
  title={The rise of crowdsourcing},
  author={Howe, Jeff},
  journal={Wired magazine},
  volume={14},
  number={6},
  pages={1--4},
  year={2006}
}

@inproceedings{segundo2015remote,
  title={Remote Temporal Couplers for Multiple Content Synchronization},
  author={Segundo, Ricardo and Santos, Celso},
  booktitle={Computer and Information Technology, 2015 IEEE International Conference on},
  pages={532--539},
  year={2015},
  organization={IEEE}
}

@electronic{RobertServerless,
 author = {Roberts, Mike},
 title = {Serverless Architectures},
 url = {http://martinfowler.com/articles/serverless.html},
 urldate = {10.08.2016},
 originalyear = {04.08.2016}
}

@article{wang2014videosnapping,
  title={Videosnapping: Interactive synchronization of multiple videos},
  author={Wang, Oliver and others},
  journal={ACM Transactions on Graphics (TOG)},
  volume={33},
  number={4},
  pages={77},
  year={2014},
  publisher={ACM}
}

@inproceedings{su2012making,
  title={Making a scene: alignment of complete sets of clips based on pairwise audio match},
  author={Su, Kai and others},
  booktitle={Proceedings of the 2nd ACM International Conference on Multimedia Retrieval},
  pages={26},
  year={2012},
  organization={ACM}
}

@article{schweiger2013fully,
  title={Fully automatic and frame-accurate video synchronization using bitrate sequences},
  author={Schweiger, Florian and others},
  journal={Multimedia, IEEE Transactions on},
  volume={15},
  number={1},
  pages={1--14},
  year={2013},
  publisher={IEEE}
}







