@inproceedings{wu2011video,
  title={Video summarization via crowdsourcing},
  author={Wu, Shao-Yu and Thawonmas, Ruck and Chen, Kuan-Ta},
  booktitle={CHI'11 Extended Abstracts on Human Factors in Computing Systems},
  pages={1531--1536},
  year={2011},
  organization={ACM}
}

@inproceedings{hossfeld2011quantification,
  title={Quantification of YouTube QoE via crowdsourcing},
  author={Ho{\ss}feld, Tobias and Seufert, Michael and Hirth, Matthias and Zinner, Thomas and Tran-Gia, Phuoc and Schatz, Raimund},
  booktitle={Multimedia (ISM), 2011 IEEE International Symposium on},
  pages={494--499},
  year={2011},
  organization={IEEE}
}

@inproceedings{nguyen2013tagging,
  title={Tagging human activities in video by crowdsourcing},
  author={Nguyen-Dinh, Long-Van and Waldburger, C{\'e}dric and Roggen, Daniel and Tr{\"o}ster, Gerhard},
  booktitle={Proceedings of the 3rd ACM conference on International conference on multimedia retrieval},
  pages={263--270},
  year={2013},
  organization={ACM}
}

@inproceedings{gadgil2014web,
  title={A web-based video annotation system for crowdsourcing surveillance videos},
  author={Gadgil, Neeraj J and Tahboub, Khalid and Kirsh, David and Delp, Edward J},
  booktitle={IS\&T/SPIE Electronic Imaging},
  pages={90270A--90270A},
  year={2014},
  organization={International Society for Optics and Photonics}
}

@inproceedings{steiner2011crowdsourcing,
  title={Crowdsourcing event detection in YouTube video},
  author={Steiner, Thomas and Verborgh, Ruben and Van de Walle, Rik and Hausenblas, Michael and Vall{\'e}s, Joaquim Gabarr{\'o}},
  booktitle={10th International Semantic Web Conference (ISWC 2011); 1st Workshop on Detection, Representation, and Exploitation of Events in the Semantic Web},
  pages={58--67},
  year={2011}
}

@inproceedings{nguyen2013generating,
  title={Generating annotations for how-to videos using crowdsourcing},
  author={Nguyen, Phu and Kim, Juho and Miller, Robert C},
  booktitle={CHI'13 Extended Abstracts on Human Factors in Computing Systems},
  pages={835--840},
  year={2013},
  organization={ACM}
}

@inproceedings{yu2012challenges,
  title={Challenges and opportunities for trust management in crowdsourcing},
  author={Yu, Han and Shen, Zhiqi and Miao, Chunyan and An, Bo},
  booktitle={ IEEE/WIC/ACM WI-IAT},
  year={2012},
  organization={IEEE Computer Society}
}

@inproceedings{kacorri2014introducing,
  title={Introducing game elements in crowdsourced video captioning by non-experts},
  author={Kacorri, Hernisa and Shinkawa, Kaoru and Saito, Shin},
  booktitle={Proceedings of the 11th Web for All Conference},
  pages={29},
  year={2014},
  organization={ACM}
}

@inproceedings{carlier2010crowdsourced,
  title={Crowdsourced automatic zoom and scroll for video retargeting},
  author={Carlier, Axel and Charvillat, Vincent and Ooi, Wei Tsang and Grigoras, Romulus and Morin, Geraldine},
  booktitle={Proceedings of the 18th ACM international conference on Multimedia},
  pages={201--210},
  year={2010},
  organization={ACM}
}

@article{hal-01162603,
  TITLE = {{Circulant temporal encoding for video retrieval and temporal alignment}},
  AUTHOR = {Douze, Matthijs and Revaud, J{\'e}r{\^o}me and Verbeek, Jakob and J{\'e}gou, Herv{\'e} and Schmid, Cordelia},
  JOURNAL = {{International Journal of Computer Vision}},
  YEAR = {2016},
}

@article{brabham2014crowdsourcing,
  title={Crowdsourcing applications for public health},
  author={Brabham, Daren C and Ribisl, Kurt M and Kirchner, Thomas R and Bernhardt, Jay M},
  journal={American journal of Preventive Medicine},
  year={2014},
  publisher={Elsevier}
}

@article{vondrick2013efficiently,
  title={Efficiently scaling up crowdsourced video annotation},
  author={Vondrick, Carl and Patterson, Donald and Ramanan, Deva},
  journal={International Journal of Computer Vision},
  year={2013},
  publisher={Springer}
}

@inproceedings{keimel2012video,
  title={Video quality evaluation in the cloud},
  author={Keimel, Christian and Habigt, Julian and Horch, Clemens and Diepold, Klaus},
  booktitle={International Packet Video Workshop)},
  year={2012},
  organization={IEEE}
}

@inproceedings{rainer2014subjective,
  title={A subjective evaluation using crowdsourcing of Adaptive Media Playout utilizing audio-visual content features},
  author={Rainer, Benjamin and Timmerer, Christian},
  booktitle={IEEE Network Operations and Management Symposium},
  year={2014},
  organization={IEEE}
}

@inproceedings{su2012making,
  title={Making a scene: alignment of complete sets of clips based on pairwise audio match},
  author={Su, Kai and Naaman, Mor and Gurjar, Avadhut and Patel, Mohsin and Ellis, Daniel PW},
  booktitle={ACM International Conference on Multimedia Retrieval},
  year={2012},
  organization={ACM}
}

@article{bano2015discovery,
  title={Discovery and organization of multi-camera user-generated videos of the same event},
  author={Bano, Sophia and Cavallaro, Andrea},
  journal={Information Sciences},
  year={2015},
  publisher={Elsevier}
}

@article{wang2014videosnapping,
  title={Videosnapping: Interactive synchronization of multiple videos},
  author={Wang et al., Oliver},
  journal={ACM Transactions on Graphics},
  year={2014},
  publisher={ACM}
}

@article{schweiger2013fully,
  title={Fully automatic and frame-accurate video synchronization using bitrate sequences},
  author={Schweiger et al., Florian},
  journal={IEEE Transactions on Multimedia},
  year={2013},
  publisher={IEEE}
}

@article{huang2013evolution,
  title={Evolution of temporal multimedia synchronization principles: A historical viewpoint},
  author={Huang, Zixia and Nahrstedt, Klara and Steinmetz, Ralf},
  journal={ACM TOMM},
  year={2013},
  publisher={ACM}
}

@article{yu2008understanding,
  title={Understanding mashup development},
  author={Yu et al., Jin},
  journal={Internet Computing, IEEE},
  year={2008},
  publisher={IEEE}
}

@inproceedings{segundo2015remote,
  title={Remote Temporal Couplers for Multiple Content Synchronization},
  author={Segundo, Ricardo and Santos, Celso},
  booktitle={IEEE ICCIT},
  year={2015},
  organization={IEEE}
}
