% THIS LIST PRESENTS STANDARDIZED NAMES FOR PROCEEDINGS AND JOURNALS.
% IT DOES NOT, IN ANY WAY, LIMIT THE REFERENCES TO VENUES ON THIS LIST.
% IT IS MERE A SUGGESTION ON HOW TO WRITE THE VENUES IN THE BIB FILES,
%   SO THAT JIDM KEEPS A MINIMUM OF CONSISTENCY AMONG CITATIONS
% SEPT.3rd.2010


@STRING{aaai = {Proceedings of the National Conference on Artificial Intelligence}}

@STRING{acmgis = {Proceedings of the ACM International Symposium on Advances in Geographic Information Systems}}

@STRING{adbis = {Proceedings of the Symposium on Advances in Databases and Information Systems}}

@STRING{ai = {Artificial Inteligence}}

@STRING{cacm = {Communications of the ACM}}

@STRING{cikm = {Proceedings of the International Conference on Information and Knowledge Engineering}}

@STRING{computer = {IEEE Computer}}

@STRING{computernetw = {Computer Networks}}

@STRING{computingsurveys = {ACM Computing Surveys}}

@STRING{dasfaa = {Proceedings of the International Conference on Database Systems for Advanced Applications}}

@STRING{dawak = {Proceedings of the Data Warehousing and Knowledge Discovery}}

@STRING{dcc = {Proceedings of the Data Compression Conference}}

@STRING{dexa = {Proceedings of the International Conference on Database and Expert Systems Applications}}

@STRING{dke = {Data \& Knowledge Engineeering}}

@STRING{doceng = {Proceedings of the ACM Symposium on Document Engineering}}

@STRING{dood = {Proceedings of the International Conference Deductive and Object-Oriented Databases}}

@STRING{dpd = {Distributed and Parallel Databases}}

@STRING{ecdl = {Proceedings of the European Conference on Research and Advanced Technology for Digital Libraries}}

@STRING{ecir = {Proceedings of the European Conference on Information Retrieval}}

@STRING{edbt = {Proceedings of the International Conference on Extending Database Technology}}

@STRING{eextt = {Proceedings of the VLDB Workshop on Efficiency and Effectiveness of XML Tools, and Techniques}}

@STRING{er = {Proceedings of the International Conference on Conceptual Modeling}}

@STRING{fse = {Proceedings of the ACM SIGSOFT Conference on the Foundations of Software Engineering}}

@STRING{geoinfo = {Proceedings of the Brazilian Symposium on GeoInformatics}}

@STRING{icde = {Proceedings of the IEEE International Conference on Data Engineering}}

@STRING{icdebulletin = {IEEE Data Engineering Bulletin}}

@STRING{icdt = {Proceedings of the International Conference on Database Theory}}

@STRING{icdm = {Proceedings of the IEEE International Conference on Data Mining}} 

@STRING{icml = {Proceedings of the International Conference on Machine Learning}}

@STRING{infosys = {Information Systems}}

@STRING{ipm = {Information Processing and Management}}

@STRING{jbcs = {Journal of the Brazilian Computer Society}}

@STRING{jcdl = {Proceedings of the ACM IEEE Joint Conference on Digital Libraries}}

@STRING{jep = {Journal of Electronic Publishing}}

@STRING{jidm = {Journal of Information and Data Management}}

@STRING{jiis = {Journal of Intelligent Information Systems}}

@STRING{jucs = {Journal of Universal Computer Science}}

@STRING{kdd = {Proceedings of the ACM SIGKDD International Conference on Knowledge Discovery and Data Mining}}

@STRING{mobilesearch = {Proceedings of the WWW Workshop on Mobile Search}}

@STRING{odbase = {Proceedings of the International Conference on Ontologies, Databases and Applications of Semantics}}

@STRING{oopsla = {Proceedings of the Annual ACM Conference on Object-Oriented Programing Systems, Languages and Applications}}

@STRING{pkdd = {Proceedings of the European Conference on Principles and Practice of Knowledge Discovery in Databases}}

@STRING{pods = {Proceedings of the ACM Symposium on Principles of Database Systems}}

@STRING{pvldb = {Proceedings of the VLDB Endowment}}

@STRING{sac = {Proceedings of the ACM Symposium on Applied Computing}}

@STRING{sbbd = {Proceedings of the Brazilian Symposium on Databases}}

@STRING{seke = {Proceedings of the International Conference on Software Engineering and Knowledge Engineering}}

@STRING{sigir = {Proceedings of the International ACM SIGIR Conference on Research \& Development of Information Retrieval}}

@STRING{sigmod = {Proceedings of the ACM SIGMOD International Conference on Management of Data}}

@STRING{sigmodrecord = {SIGMOD Record}}

@STRING{ssdbm = {Proceedings of the International Conference on Scientific and Statistical Databases Management}}

@STRING{sstd = {Proceedings of the Internationa Symposium on Spatial and Temporal Databases}}

@STRING{time = {Proceedings of the International Symposium on Temporal Representation and Reasoning}}

@STRING{tkdd = {ACM Transactions on Knowledge Discovery from Data}}

@STRING{tkde = {IEEE Transactions on Knowledge and Data Engineering}}

@STRING{tods = {ACM Transactions on Database Systems }}

@STRING{tois = {ACM Transactions on Information Systems}}

@STRING{tse = {Transactions on Software Engineering}}

@STRING{uai = {Proceedings of the Conference in Uncertainty in Artificial Intelligence}}

@STRING{vldb = {Proceedings of the International Conference on Very Large Data Bases}}

@STRING{vldbj = {The VLDB Journal}}

@STRING{webdb = {Proceedings of the Workshop on Web and Databases}}

@STRING{webmedia = {Proceedings of the Brazilian Symposium on Multimedia and the Web}}

@STRING{www = {Proceedings of the International World Wide Web Conferences}}

@STRING{wwwposter = {Proceedings of the International World Wide Web Conferences, Poster session}}

@STRING{xsym = {Proceedings of XML Database Symposium}}

%%%%%%%%%%%%%%%%%%%%%%%%%%%%%%%%%%%%%%%%%%%%%%%%%%%%%%%%%%%%%%%%%%%%%%%%%%%%%%%%%%%%%%%%%%%%%%%%%%%%%%

@article{delivesync,
  title={LiveSync: a Tool for Real Time Video Streaming Synchronization from Independent Sources},
  author={de Amorim, Marcello N and Segundo, Ricardo MC and Santos, Celso AS}
}


@article{howe2006rise,
  title={The rise of crowdsourcing},
  author={Howe, Jeff},
  journal={Wired magazine},
  volume={14},
  number={6},
  pages={1--4},
  year={2006}
}

@inproceedings{segundo2015remote,
  title={Remote Temporal Couplers for Multiple Content Synchronization},
  author={Segundo, Ricardo and Santos, Celso},
  booktitle={Computer and Information Technology, 2015 IEEE International Conference on},
  pages={532--539},
  year={2015},
  organization={IEEE}
}




@misc{RobertServerless,
title={Serverless Architectures}, 
 url = {http://martinfowler.com/articles/serverless.html},
author={Roberts, Mike}, 
year={2016}, 
month={Aug}
}


@article{wang2014videosnapping,
  title={Videosnapping: Interactive synchronization of multiple videos},
  author={Wang, Oliver and others},
  journal={ACM Transactions on Graphics (TOG)},
  volume={33},
  number={4},
  pages={77},
  year={2014},
  publisher={ACM}
}


@inproceedings{su2012making,
  title={Making a scene: alignment of complete sets of clips based on pairwise audio match},
  author={Su, Kai and Naaman, Mor and Gurjar, Avadhut and Patel, Mohsin and Ellis, Daniel PW},
  booktitle={Proceedings of the 2nd ACM International Conference on Multimedia Retrieval},
  pages={26},
  year={2012},
  organization={ACM}
}

@article{schweiger2013fully,
  title={Fully automatic and frame-accurate video synchronization using bitrate sequences},
  author={Schweiger, Florian and others},
  journal={Multimedia, IEEE Transactions on},
  volume={15},
  number={1},
  pages={1--14},
  year={2013},
  publisher={IEEE}
}


%%%%%%%%%%%%%%%%%%%

@inproceedings{wu2011video,
  title={Video summarization via crowdsourcing},
  author={Wu, Shao-Yu and Thawonmas, Ruck and Chen, Kuan-Ta},
  booktitle={CHI'11 Extended Abstracts on Human Factors in Computing Systems},
  pages={1531--1536},
  year={2011},
  organization={ACM}
}

@inproceedings{hossfeld2011quantification,
  title={Quantification of YouTube QoE via crowdsourcing},
  author={Ho{\ss}feld, Tobias and Seufert, Michael and Hirth, Matthias and Zinner, Thomas and Tran-Gia, Phuoc and Schatz, Raimund},
  booktitle={Multimedia (ISM), 2011 IEEE International Symposium on},
  pages={494--499},
  year={2011},
  organization={IEEE}
}

@inproceedings{nguyen2013tagging,
  title={Tagging human activities in video by crowdsourcing},
  author={Nguyen-Dinh, Long-Van and Waldburger, C{\'e}dric and Roggen, Daniel and Tr{\"o}ster, Gerhard},
  booktitle={Proceedings of the 3rd ACM conference on International conference on multimedia retrieval},
  pages={263--270},
  year={2013},
  organization={ACM}
}

@inproceedings{gadgil2014web,
  title={A web-based video annotation system for crowdsourcing surveillance videos},
  author={Gadgil, Neeraj J and Tahboub, Khalid and Kirsh, David and Delp, Edward J},
  booktitle={IS\&T/SPIE Electronic Imaging},
  pages={90270A--90270A},
  year={2014},
  organization={International Society for Optics and Photonics}
}

@inproceedings{steiner2011crowdsourcing,
  title={Crowdsourcing event detection in YouTube video},
  author={Steiner, Thomas and Verborgh, Ruben and Van de Walle, Rik and Hausenblas, Michael and Vall{\'e}s, Joaquim Gabarr{\'o}},
  booktitle={10th International Semantic Web Conference (ISWC 2011); 1st Workshop on Detection, Representation, and Exploitation of Events in the Semantic Web},
  pages={58--67},
  year={2011}
}

@inproceedings{nguyen2013generating,
  title={Generating annotations for how-to videos using crowdsourcing},
  author={Nguyen, Phu and Kim, Juho and Miller, Robert C},
  booktitle={CHI'13 Extended Abstracts on Human Factors in Computing Systems},
  pages={835--840},
  year={2013},
  organization={ACM}
}

@inproceedings{yu2012challenges,
  title={Challenges and opportunities for trust management in crowdsourcing},
  author={Yu, Han and Shen, Zhiqi and Miao, Chunyan and An, Bo},
  booktitle={ IEEE/WIC/ACM WI-IAT},
  year={2012},
  organization={IEEE Computer Society}
}

@inproceedings{kacorri2014introducing,
  title={Introducing game elements in crowdsourced video captioning by non-experts},
  author={Kacorri, Hernisa and Shinkawa, Kaoru and Saito, Shin},
  booktitle={Proceedings of the 11th Web for All Conference},
  pages={29},
  year={2014},
  organization={ACM}
}

@inproceedings{carlier2010crowdsourced,
  title={Crowdsourced automatic zoom and scroll for video retargeting},
  author={Carlier, Axel and Charvillat, Vincent and Ooi, Wei Tsang and Grigoras, Romulus and Morin, Geraldine},
  booktitle={Proceedings of the 18th ACM international conference on Multimedia},
  pages={201--210},
  year={2010},
  organization={ACM}
}

@article{hal-01162603,
  TITLE = {{Circulant temporal encoding for video retrieval and temporal alignment}},
  AUTHOR = {Douze, Matthijs and Revaud, J{\'e}r{\^o}me and Verbeek, Jakob and J{\'e}gou, Herv{\'e} and Schmid, Cordelia},
  JOURNAL = {{International Journal of Computer Vision}},
  YEAR = {2016},
}

@article{brabham2014crowdsourcing,
  title={Crowdsourcing applications for public health},
  author={Brabham, Daren C and Ribisl, Kurt M and Kirchner, Thomas R and Bernhardt, Jay M},
  journal={American journal of Preventive Medicine},
  year={2014},
  publisher={Elsevier}
}

@article{vondrick2013efficiently,
  title={Efficiently scaling up crowdsourced video annotation},
  author={Vondrick, Carl and Patterson, Donald and Ramanan, Deva},
  journal={International Journal of Computer Vision},
  year={2013},
  publisher={Springer}
}

@inproceedings{keimel2012video,
  title={Video quality evaluation in the cloud},
  author={Keimel, Christian and Habigt, Julian and Horch, Clemens and Diepold, Klaus},
  booktitle={International Packet Video Workshop)},
  year={2012},
  organization={IEEE}
}

@inproceedings{rainer2014subjective,
  title={A subjective evaluation using crowdsourcing of Adaptive Media Playout utilizing audio-visual content features},
  author={Rainer, Benjamin and Timmerer, Christian},
  booktitle={IEEE Network Operations and Management Symposium},
  year={2014},
  organization={IEEE}
}


@article{bano2015discovery,
  title={Discovery and organization of multi-camera user-generated videos of the same event},
  author={Bano, Sophia and Cavallaro, Andrea},
  journal={Information Sciences},
  year={2015},
  publisher={Elsevier}
}



@article{huang2013evolution,
  title={Evolution of temporal multimedia synchronization principles: A historical viewpoint},
  author={Huang, Zixia and Nahrstedt, Klara and Steinmetz, Ralf},
  journal={ACM TOMM},
  year={2013},
  publisher={ACM}
}

@article{yu2008understanding,
  title={Understanding mashup development},
  author={Yu et al., Jin},
  journal={Internet Computing, IEEE},
  year={2008},
  publisher={IEEE}
}








