@article{howe2006rise,
  title={The rise of crowdsourcing},
  author={Howe, Jeff},
  journal={Wired magazine},
  volume={14},
  number={6},
  pages={1--4},
  year={2006}
}

@inproceedings{segundo2015remote,
  title={Remote Temporal Couplers for Multiple Content Synchronization},
  author={Segundo, Ricardo Mendes Costa and Santos, Celso Alberto Saibel},
  booktitle={Computer and Information Technology; Ubiquitous Computing and Communications; Dependable, Autonomic and Secure Computing; Pervasive Intelligence and Computing (CIT/IUCC/DASC/PICOM), 2015 IEEE International Conference on},
  pages={532--539},
  year={2015},
  organization={IEEE}
}

@electronic{RobertServerless,
 author = {Roberts, Mike},
 title = {Serverless Architectures},
 url = {http://martinfowler.com/articles/serverless.html},
 urldate = {10.08.2016},
 originalyear = {04.08.2016}
}







